@misc{AlgoritmyNet,
	author      = {Jan NECKÁŘ},
	title       = {\textit{Tarjanův algoritmus}},
        howpublished = {[online]},
	url         = {https://www.algoritmy.net/article/1515/Tarjanuv-algoritmus},
}

@misc{WikipediaTarjan,
  author       = {Wikipedia contributors},
  howpublished = {[online]},
  title        = {\textit{Tarjan's strongly connected components algorithm}},
  year         = {2023},
    url          = {https://en.wikipedia.org/w/index.php?title=Tarjan%27s_strongly_connected_components_algorithm&oldid=1148118528},
}

@misc{GeeksForGeeksTarjan,
  author       = {GeeksforGeeks contributors},
  howpublished = {[online]},
  title        = {\textit{Tarjan's Algorithm to find Strongly Connected Components}},
  year         = {2023},
    url          = {https://www.geeksforgeeks.org/tarjan-algorithm-find-strongly-connected-components/},
}